

@article{ref1,
author = {Danqi Chen, Adam Fisch, Jason Weston, Antoine Bordes},
title = {{Reading Wikipedia to Answer Open-Domain Questions}},
year = {2017}
}

@article{ref2,
author = {Pranav Rajpurkar, Jian Zhang, Konstantin Lopyrev, Percy Liang},
title = {{SQuAD: 100,000+ Questions for Machine Comprehension of Text}},
year = {2017}
}

@article{ref3,
author = {Pum-Mo Ryu, Myung-Gil Jang, Hyun-Ki Kim},
title = {{Open domain question answering using Wikipedia-based knowledge model}},
year = {2014}
}

@article{ref4,
author = {David Ahn, Valentin Jijkoun, Gilad Mishne, Karin Muller, Maarten de Rijke, Stefan Schlobach},
title = {{Using Wikipedia at the TREC QA Track.}},
year = {2004}
}


@article{ref5,
author = {Davide Buscaldi, Paolo Rosso},
title = {{Mining knowledge from Wikipedia for the question answering task}},
year = {2006}
}

@article{ref6,
author = {Eric Brill, Susan Dumais, Michele Banko},
title = {{An Analysis of the AskMSR Question-Answering System}},
year = {2002}
}

@article{ref7,
author = {Petr Baudiš, Jan Šedivý},
title = {{Modeling of the Question Answering Task in the YodaQA System}},
year = {2015}
}



